%% This BibTeX bibliography file was created using BibDesk.
%% http://bibdesk.sourceforge.net/


%% Created for Khan Reaz at 2014-12-08 11:04:57 +0100 


%% Saved with string encoding Unicode (UTF-8) 
@inproceedings{Bogart:2016,
	author = {Bogart, Christopher and K\"{a}stner, Christian and Herbsleb, James and Thung, Ferdian},
	title = {How to Break an API: Cost Negotiation and Community Values in Three Software Ecosystems},
	booktitle = {Proc. FSE},
	xbooktitle = {Proc. 2016 24th ACM SIGSOFT Intl. Conf. Found. on Soft. Eng.},
	xseries = {FSE 2016},
	year = {2016},
	isbn = {978-1-4503-4218-6},
	location = {Seattle, WA, USA},
	pages = {109--120},
	numpages = {12}
}

@misc{Snyk:online,
    author = {},
    title = {Vulnerability DB | Snyk},
    howpublished = {\url{https://snyk.io/vuln/}},
    month = {},
    year = {},
    note = {(Accessed on 06/14/2018)}
}

@inproceedings{Wittern:2016,
 author = {Wittern, Erik and Suter, Philippe and Rajagopalan, Shriram},
 title = {A Look at the Dynamics of the JavaScript Package Ecosystem},
 booktitle = {Proc. MSR},
 xbooktitle = {Proc. 13th Intl. Conf. on Min. Soft. Repo.},
 xseries = {MSR '16},
 year = {2016},
 isbn = {978-1-4503-4186-8},
 xlocation = {Austin, Texas},
 pages = {351--361},
 numpages = {11},
 acmid = {2901743},
 xpublisher = {ACM},
 xaddress = {New York, NY, USA},
} 

@article{Kula:2018,
 author = {Kula, Raula Gaikovina and German, Daniel M. and Ouni, Ali and Ishio, Takashi and Inoue, Katsuro},
 title = {Do Developers Update Their Library Dependencies?},
 journal = {Emp. Softw. Engg.},
 issue_date = {February  2018},
 volume = {23},
 number = {1},
 month = feb,
 year = {2018},
 issn = {1382-3256},
 pages = {384--417},
 numpages = {34},
 acmid = {3188710},
 publisher = {Kluwer Academic Publishers},
 address = {Hingham, MA, USA},
 keywords = {Security vulnerabilities, Software maintenance, Software reuse},
} 

@inproceedings{Mirhosseini:2017,
 author = {Mirhosseini, Samim and Parnin, Chris},
 title = {Can Automated Pull Requests Encourage Software Developers to Upgrade Out-of-date Dependencies?},
 booktitle = {Proc. ASE},
 xbooktitle = {Proc. of the 32nd IEEE/ACM Intl. Conf. on Auto. Soft. Eng.},
 xseries = {ASE 2017},
 year = {2017},
 isbn = {978-1-5386-2684-9},
 xlocation = {Urbana-Champaign, IL, USA},
 pages = {84--94},
 xnumpages = {11},
 xpublisher = {IEEE Press},
 xaddress = {Piscataway, NJ, USA},
 xkeywords = {automated pull requests, notification fatigue, software dependencies},
} 

@inproceedings{Bogart:2015,
 author = {Bogart, Christopher and Kastner, Christian and Herbsleb, James},
 title = {When It Breaks, It Breaks: How Ecosystem Developers Reason About the Stability of Dependencies},
 booktitle = {Proc. 2015 30th IEEE/ACM Interl. Conf. on Auto. Soft. Eng. Work. (ASEW)},
 series = {ASEW '15},
 year = {2015},
 isbn = {978-1-4673-9775-9},
 pages = {86--89},
 numpages = {4},
 acmid = {2916370},
 publisher = {IEEE Computer Society},
} 

@inproceedings{Kula:2015,
author = {Kula, Raula Gaikovina and German, Daniel M. and Ishio, Takashi and Inoue, Katsuro},
booktitle = {Proc. SANER},
xbooktitle = {2015 IEEE 22nd Intl. Conf. on Soft. Ana., Evo., and Reeng. (SANER)},
pages = {520--524},
title = {{Trusting a library: A study of the latency to adopt the latest Maven release}},
year = {2015}
}

@inproceedings{Gonzalez-Barahona:2017,
  title={Technical lag in software compilations: measuring how outdated a software deployment is},
  author={Gonzalez-Barahona, Jesus M and Sherwood, Paul and Robles, Gregorio and Izquierdo, Daniel},
  booktitle={IFIP International Conference on Open Source Systems},
  pages={182--192},
  year={2017},
  organization={Springer}
}

@inproceedings{Hejderup:2018,
 author = {Hejderup, Joseph and van Deursen, Arie and Gousios, Georgios},
 title = {Software Ecosystem Call Graph for Dependency Management},
 booktitle = {Proc. ICSE (NIER)},
 xbooktitle = {Proc.  40th Intl. Conf. on Soft. Eng: NIER},
 xseries = {ICSE-NIER '18},
 year = {2018},
 xlocation = {Gothenburg, Sweden},
 pages = {101--104},
 numpages = {4},
 xpublisher = {ACM},
 xaddress = {New York, NY, USA},
} 

@InProceedings{Trockman:2018,
author = {Trockman, Asher and Zhou, Shurui and K{\"{a}}stner, Christian and Vasilescu, Bogdan},
booktitle = {Proc. ICSE},
xjournal = {Proc. of the 40th Intl. Conf. on Soft. Eng. (ICSE)},
title = {{Adding Sparkle to Social Coding : An Empirical Study of Repository Badges in the npm Ecosystem}},
year = {2018}
}

@phdthesis{Hejderup:2015,
author = {Hejderup, Joseph},
keywords = {JavaScript,Known Vulnerabilities,Node.js,Software Security},
mendeley-groups = {Software Vulnerabilty,MSR2018,ICSME2018 NIER},
school = {Delft University of Technology},
title = {{In Dependencies We Trust: How vulnerable are dependencies in software modules?}},
type = {Master thesis},
year = {2015}
}
@inproceedings{Kikas:2017,
 author = {Kikas, Riivo and Gousios, Georgios and Dumas, Marlon and Pfahl, Dietmar},
 title = {Structure and Evolution of Package Dependency Networks},
 booktitle = {Proc. MSR},
 xbooktitle = {Proceedings of the 14th International Conference on Mining Software Repositories},
 xseries = {MSR '17},
 year = {2017},
 isbn = {978-1-5386-1544-7},
 xlocation = {Buenos Aires, Argentina},
 pages = {102--112},
 numpages = {11},
 acmid = {3104203},
 xpublisher = {IEEE Press},
 xaddress = {Piscataway, NJ, USA}
}

@misc{Web:left-pad,
author = {},
title = {The npm Blog — kik, left-pad, and npm},
howpublished = {\url{https://blog.npmjs.org/post/141577284765/kik-left-pad-and-npm}},
month = {},
year = {2018},
note = {(Accessed on 06/16/2018)}}

@misc{Web:shellshock,
author = {},
title = {Shellshock in the Wild « Shellshock in the Wild | FireEye Inc},
howpublished = {\url{https://www.fireeye.com/blog/threat-research/2014/09/shellshock-in-the-wild.html}},
month = {},
year = {2014},
note = {(Accessed on 06/16/2018)}
}

@misc{Web:heartbleed,
author = {},
title = {Heartbleed Bug},
howpublished = {\url{http://heartbleed.com/}},
month = {},
year = {2017},
note = {(Accessed on 06/16/2018)}
}

@inproceedings{Ponta:2018,
	author = {E. Ponta, Serena and Plate, Henrik and Sabetta, Antonio},
	title = {Beyond Metadata: Code-centric and Usage-based Analysis of Known Vulnerabilities in Open-source Software},
	booktitle = {Proc. ICSME},
	xbooktitle = {Proc. of the 2018 IEEE ICSME},
	xseries = {ICSME 2018},
	year = {2018}
}

@article{bavota2015apache,
  title={How the Apache community upgrades dependencies: an evolutionary study},
  author={Bavota, Gabriele and Canfora, Gerardo and Di Penta, Massimiliano and Oliveto, Rocco and Panichella, Sebastiano},
  journal={Empirical Software Engineering},
  volume={20},
  number={5},
  pages={1275--1317},
  year={2015},
  publisher={Springer}
}

@inproceedings{todorov2017sol,
  title={SoL Mantra: Visualizing Update Opportunities Based on Library Coexistence},
  author={Todorov, Boris and Kula, Raula Gaikovina and Ishio, Takashi and Inoue, Katsuro},
  booktitle={Software Visualization (VISSOFT), 2017 IEEE Working Conference on},
  pages={129--133},
  year={2017},
  organization={IEEE}
}

@inproceedings{yano2015verxcombo,
  title={VerXCombo: An interactive data visualization of popular library version combinations},
  author={Yano, Yuki and Kula, Raula Gaikovina and Ishio, Takashi and Inoue, Katsuro},
  booktitle={Program Comprehension (ICPC), 2015 IEEE 23rd International Conference on},
  pages={291--294},
  year={2015},
  organization={IEEE}
}

@inproceedings{ferrarezi2016libviews,
  title={LibViews-An Information Visualization Application for Third-Party Libraries on Software Projects},
  author={Ferrarezi, Juliana Cassiano and Neto, M{\'a}rio Popolin and Dias, Diego Roberto Colombo and Pilastri, Andr{\'e} Luiz and de Paiva Guimar{\~a}es, Marcelo and Brega, Jos{\'e} Remo Ferreira},
  booktitle={Information Visualisation (IV), 2016 20th International Conference},
  pages={136--140},
  year={2016},
  organization={IEEE}
}

@inproceedings{moritz2013export,
  title={Export: Detecting and visualizing api usages in large source code repositories},
  author={Moritz, Evan and Linares-V{\'a}squez, Mario and Poshyvanyk, Denys and Grechanik, Mark and McMillan, Collin and Gethers, Malcom},
  booktitle={Proceedings of the 28th IEEE/ACM International Conference on Automated Software Engineering},
  pages={646--651},
  year={2013},
  organization={IEEE Press}
}

@inproceedings{kula2018generalized,
  title={A generalized model for visualizing library popularity, adoption, and diffusion within a software ecosystem},
  author={Kula, Raula Gaikovina and De Roover, Coen and German, Daniel M and Ishio, Takashi and Inoue, Katsuro},
  booktitle={2018 IEEE 25th International Conference on Software Analysis, Evolution and Reengineering (SANER)},
  pages={288--299},
  year={2018},
  organization={IEEE}
}

@inproceedings{decan2018impact,
  title={On the impact of security vulnerabilities in the npm package dependency network},
  author={Decan, Alexandre and Mens, Tom and Constantinou, Eleni},
  booktitle={International Conference on Mining Software Repositories},
  year={2018}
}

@inproceedings{zapata2018towards,
  title={Towards Smoother Library Migrations: A Look at Vulnerable Dependency Migrations at Function Level for npm JavaScript Packages},
  author={Zapata, Rodrigo Elizalde and Kula, Raula Gaikovina and Chinthanet, Bodin and Ishio, Takashi and Matsumoto, Kenichi and Ihara, Akinori},
  booktitle={2018 IEEE International Conference on Software Maintenance and Evolution (ICSME)},
  pages={559--563},
  year={2018},
  organization={IEEE}
}

@inproceedings{plate2015impact,
  title={Impact assessment for vulnerabilities in open-source software libraries},
  author={Plate, Henrik and Ponta, Serena Elisa and Sabetta, Antonino},
  booktitle={Software Maintenance and Evolution (ICSME), 2015 IEEE International Conference on},
  pages={411--420},
  year={2015},
  organization={IEEE}
}

@inproceedings{landman2017challenges,
  title={Challenges for Static Analysis of Java Reflection-Literature Review and Empirical Study},
  author={Landman, Davy and Serebrenik, Alexander and Vinju, Jurgen J},
  booktitle={Software Engineering (ICSE), 2017 IEEE/ACM 39th International Conference on},
  pages={507--518},
  year={2017},
  organization={IEEE}
}

@article{alqahtani2016tracing,
  title={Tracing known security vulnerabilities in software repositories--A Semantic Web enabled modeling approach},
  author={Alqahtani, Sultan S and Eghan, Ellis E and Rilling, Juergen},
  journal={Science of Computer Programming},
  volume={121},
  pages={153--175},
  year={2016},
  publisher={Elsevier}
}

@inproceedings{cadariu2015tracking,
  title={Tracking known security vulnerabilities in proprietary software systems},
  author={Cadariu, Mircea and Bouwers, Eric and Visser, Joost and van Deursen, Arie},
  booktitle={Software Analysis, Evolution and Reengineering (SANER), 2015 IEEE 22nd International Conference on},
  pages={516--519},
  year={2015},
  organization={IEEE}
}

@inproceedings{hora2015apiwave,
  title={apiwave: Keeping track of API popularity and migration},
  author={Hora, Andre and Valente, Marco Tulio},
  booktitle={2015 IEEE International Conference on Software Maintenance and Evolution (ICSME)},
  pages={321--323},
  year={2015},
  organization={IEEE}
}

@inproceedings{dagenais2009semdiff,
  title={SemDiff: Analysis and recommendation support for API evolution},
  author={Dagenais, Barthelemy and Robillard, Martin P},
  booktitle={Proceedings of the 31st International Conference on Software Engineering},
  pages={599--602},
  year={2009},
  organization={IEEE Computer Society}
}

@inproceedings{nguyen2010graph,
  title={A graph-based approach to API usage adaptation},
  author={Nguyen, Hoan Anh and Nguyen, Tung Thanh and Wilson Jr, Gary and Nguyen, Anh Tuan and Kim, Miryung and Nguyen, Tien N},
  booktitle={ACM Sigplan Notices},
  volume={45},
  number={10},
  pages={302--321},
  year={2010},
  organization={ACM}
}

@article{xia2014studying,
  title={Studying reuse of out-dated third-party code in open source projects},
  author={Xia, Pei and Matsushita, Makoto and Yoshida, Norihiro and Inoue, Katsuro},
  journal={Information and Media Technologies},
  volume={9},
  number={2},
  pages={155--161},
  year={2014},
  publisher={Information and Media Technologies Editorial Board}
}

@article{ruiz2015beyond,
  title={Beyond api signatures: An empirical study on behavioral backward incompatibilities of java software libraries},
  author={Ruiz, Eric and Mostafa, Shaikh and Wang, Xiaoyin},
  journal={Department of Computer Science, University of Texas at San Antonio, Tech. Rep},
  year={2015}
}